
@article{blanco2019,
	title = {Una tipología de precariedad laboral para {Chile}: la precariedad como fenómeno transclasista},
	number = {129},
	author = {Blanco, Osvaldo and Julian, Dasten},
	year = {2019},
}

@article{boll2017,
	title = {The {EU} {Gender} {Earnings} {Gap}: {Job} {Segregation} and {Working} {Time} as {Driving} {Factors}},
	volume = {237},
	issn = {2366-049X, 0021-4027},
	shorttitle = {The {EU} {Gender} {Earnings} {Gap}},
	url = {https://www.degruyter.com/document/doi/10.1515/jbnst-2017-0100/html},
	doi = {10.1515/jbnst-2017-0100},
	abstract = {Abstract
            This paper estimates size and impact factors of the gender pay gap in Europe. It adds to the literature in three aspects. First, we update existing figures on the gender pay gaps in the EU based on the Structure of Earnings Survey 2010 (SES). Second, we enrich the literature by undertaking comprehensive country comparisons of the gap components based on an Oaxaca-Blinder decomposition. Overall, we analyse 21 EU countries plus Norway, which clearly exceeds the scope of existing microdata studies. Third, we examine the sources of the unexplained gap. We find that about one third of the gap can be traced back to the role of the explanatory factors included in our analysis. Human capital related factors are of minor importance. Instead, the sectoral segregation of genders is identified as the most important barrier to gender pay equality in European countries. In addition, the fact that part-time positions are more frequent among women notably contributes to the gap. Furthermore, sector premiums are generally to men’s advantage, this might point to a less advanta-geous within-sector positional sorting for women compared to men. We conclude that policies aiming at closing the gender pay gap should focus more on the sector level than on the aggregate economy.},
	language = {en},
	number = {5},
	urldate = {2021-10-05},
	journal = {Jahrbücher für Nationalökonomie und Statistik},
	author = {Boll, Christina and Rossen, Anja and Wolf, André},
	month = nov,
	year = {2017},
	pages = {407--452},
	file = {Versión enviada:files/706/Boll et al. - 2017 - The EU Gender Earnings Gap Job Segregation and Wo.pdf:application/pdf},
}

@book{mora2010,
	address = {México, D.F},
	edition = {1a. ed},
	title = {Ajuste y empleo: la precarización del trabajo asalariado en la era de la globalización},
	isbn = {978-607-462-063-4},
	shorttitle = {Ajuste y empleo},
	language = {spa},
	publisher = {Colegio de México},
	author = {Mora, Minor},
	year = {2010},
}

@misc{espino2019,
	title = {La segregación horizontal de género en los mercados laborales de ocho países de {América} {Latina}: implicancias para las desigualdades de género},
	publisher = {CIEDUR},
	author = {Espino, Alma and De los Santos, Daniela},
	year = {2019},
}

@article{fernandezmassi2014,
	title = {Dimensiones de la precariedad laboral: un mapa de las características del empleo sectorial en {Argentina}},
	volume = {33},
	number = {62},
	author = {Fernández Massi, Mariana},
	year = {2014},
	pages = {231--257},
}

@misc{onu2009,
	title = {Clasificación {Industrial} {Internacional} {Uniforme} de todas las actividades económicas ({CIIU})},
	publisher = {Departamento de Asuntos Económicos y Sociales},
	author = {ONU},
	year = {2009},
}

@article{boccardo2020,
	series = {7},
	title = {{TRABAJAR} {EN} {TIEMPOS} {DE} {PANDEMIA}: ¿{ANTESALA} {DE} {NUESTRO} {FUTURO} {LABORAL}?},
	volume = {17},
	author = {Boccardo, Giorgio},
	year = {2020},
}

@article{downeyrivera2017,
	title = {Análisis del subcontrato en las universidades chilenas, especialmente en el caso de las universidades estatales, y las vías jurídicas para su término},
	volume = {8},
	number = {16},
	author = {Downey Rivera, Miguel and Portiño Cerda, José Ignacio},
	year = {2017},
	pages = {81--100},
}

@article{mora2019,
	title = {Interseccionalidad y fronteras sociales: género y clase social en el mercado laboral chileno},
	author = {Mora, Claudia},
	year = {2019},
}

@article{quinonesdominguez2011,
	title = {El índice de calidad del empleo, una propuesta alternativa aplicada a {Colombia}},
	url = {http://bibliotecavirtual.clacso.org.ar/Colombia/cidse-univalle/20110331115527/DocTra b136.pdf},
	author = {Quiñónes Dominguez, Mauricio},
	year = {2011},
}

@misc{oit2020,
	title = {El {COVID}-19 y el mundo del trabajo: {Repercusiones} y respuestas},
	url = {https://www.ilo.org/wcmsp5/groups/public/---dgreports/---dcomm/documents/briefingnote/wcms_739158.pdf},
	author = {OIT},
	year = {2020},
}

@misc{cepal2020,
	title = {Sectores y empresas frente al {COVID}-19: emergencia y reactivación},
	author = {CEPAL},
	year = {2020},
}

@article{fernandezhuerga2010,
	title = {La teoría de la segmentación del mercado de trabajo: enfoques, situación actual y perspectivas de futuro},
	volume = {LXIX},
	author = {Fernández Huerga, Eduardo},
	year = {2010},
	pages = {115--150},
}

@book{gutierrez2007,
	address = {Buenos Aires, Argentina},
	edition = {1a. ed},
	series = {Grupos de trabajo de {CLACSO}},
	title = {Género, familias y trabajo: rupturas y continuidades: desafíos para la investigación política},
	isbn = {978-987-1183-72-2},
	shorttitle = {Género, familias y trabajo},
	language = {spa por},
	publisher = {CLACSO},
	editor = {Gutiérrez, María Alicia and Consejo Latinoamericano de Ciencias Sociales},
	year = {2007},
	note = {OCLC: ocn191224864},
	keywords = {Economic aspects, Employment, Families, Latin America, Women, Work and family},
}

@article{guadagni1964,
	title = {La {Estructura} {Ocupacional} y el {Desarrollo} {Economico} de {Chile}},
	volume = {6},
	number = {2},
	journal = {Journal of Inter-American Studies},
	author = {Guadagni, Alieto Aldo},
	year = {1964},
	pages = {187--201},
}

@misc{ravest2016,
	title = {La fisonomía del sector servicios en {Chile}. {Avances} y proyecciones respecto del “{Trabajo} {Decente}”.},
	publisher = {Departamento de Sociología Universidad de Chile},
	author = {Ravest, Javiera},
	year = {2016},
}

@book{echeverriatortello2010,
	address = {Santiago, Chile},
	title = {La historia inconclusa de la subcontratación y el relato de los trabajadores},
	author = {Echeverría Tortello, Magdalena},
	year = {2010},
}

@book{standing2014,
	address = {London, UK ; New York, NY},
	title = {The precariat: the new dangerous class},
	isbn = {978-1-84966-351-9 978-1-84966-352-6 978-1-4725-3616-7},
	shorttitle = {The precariat},
	publisher = {Bloomsbury},
	author = {Standing, Guy},
	year = {2014},
	keywords = {Casual labor, Minimum wage, Precarious employment},
	annote = {"First published in [2011] by Bloomsbury Academic."},
	annote = {The precariat -- Why the precariat is growing -- Who enters the precariat? -- Migrants: victims, villains or heroes? -- Labour, work and the time squeeze -- The politics of inferno -- The politics of paradise},
	file = {Standing - 2014 - The precariat the new dangerous class.pdf:files/714/Standing - 2014 - The precariat the new dangerous class.pdf:application/pdf},
}

@article{standing1999,
	series = {3},
	title = {Global {Feminization} {Through} {Flexible} {Labor}: {A} {Theme} {Revisited}},
	volume = {27},
	url = {https://citeseerx.ist.psu.edu/viewdoc/download?doi=10.1.1.1077.7385&rep=rep1&type=pdf},
	journal = {World Development},
	author = {Standing, Guy},
	year = {1999},
	pages = {583--602},
}

@book{grimshaw2017,
	address = {Manchester},
	title = {Making work more equal: a new labour market segmentation approach},
	isbn = {978-1-5261-1706-9},
	shorttitle = {Making work more equal},
	abstract = {This book presents new theories and international empirical evidence on the state of work and employment around the world. Changes in production systems, economic conditions and regulatory conditions are posing new questions about the growing use by employers of precarious forms of work, the contradictory approaches of governments towards employment and social policy, and the ability of trade unions to improve the distribution of decent employment conditions. The book proposes a 'new labour market segmentation approach' for the investigation of issues of job quality, employment inequalities, and precarious work. This approach is distinctive in seeking to place the changing international patterns and experiences of labour market inequalities in the wider context of shifting gender relations, regulatory regimes and production structures},
	language = {eng},
	publisher = {Manchester University Press},
	author = {Grimshaw, Damian and Fagan, Colette and Tavora, Isabel},
	year = {2017},
}

@book{weller2001,
	address = {Santiago, Chile},
	series = {Serie {Macroeconomía} del desarrollo},
	title = {Procesos de exclusión e inclusión laboral: la expasión del empleo en el sector terciario},
	isbn = {978-92-1-321949-2},
	shorttitle = {Procesos de exclusión e inclusión laboral},
	number = {6},
	publisher = {Naciones Unidas, CEPAL, División de Desarrollo Económico},
	author = {Weller, Jürgen},
	collaborator = {United Nations},
	year = {2001},
	note = {OCLC: ocm49504791},
	keywords = {Latin America, Labor market, Social integration},
	annote = {"LC/L.1649-P"--T.p. verso "No. de venta: S.01. II. G.187"--T.p. verso},
}

@article{boccardo2016,
	title = {Trabajo subcontratado en el área de aseo en la {Pontificia} {Universidad} {Católica} de {Chile}. {Informe} de {Resultados}.},
	url = {http://rgdoi.net/10.13140/RG.2.2.33046.14401},
	doi = {10.13140/RG.2.2.33046.14401},
	urldate = {2021-10-05},
	author = {Boccardo, Giorgio and Cristobal Moya and Ratto, Nicolás and Ruiz, Felipe},
	year = {2016},
	note = {Publisher: Unpublished},
}

@misc{echeverriatortello2004,
	title = {Flexibilidad {Laboral} en {Chile}: las {Empresas} y las {Personas}},
	url = {https://dt.gob.cl/portal/1629/articles-74726_recurso_1.pdf},
	publisher = {Departamento de Estudios Dirección del Trabajo},
	author = {Echeverría Tortello, Magdalena and López, Diego},
	year = {2004},
}

@article{standing2012,
	title = {The {Precariat}: {From} {Denizens} to {Citizens}?},
	volume = {44},
	issn = {0032-3497, 1744-1684},
	shorttitle = {The {Precariat}},
	url = {https://www.journals.uchicago.edu/doi/10.1057/pol.2012.15},
	doi = {10.1057/pol.2012.15},
	language = {en},
	number = {4},
	urldate = {2021-10-05},
	journal = {Polity},
	author = {Standing, Guy},
	month = oct,
	year = {2012},
	pages = {588--608},
	file = {Standing - 2012 - The Precariat From Denizens to Citizens.pdf:files/712/Standing - 2012 - The Precariat From Denizens to Citizens.pdf:application/pdf},
}

@article{standing2014a,
	title = {The {Precariat}},
	volume = {13},
	issn = {1536-5042, 1537-6052},
	url = {http://journals.sagepub.com/doi/10.1177/1536504214558209},
	doi = {10.1177/1536504214558209},
	abstract = {Economist Guy Standing explains how millions of people are in the precariat, and in defining this emerging class, points to the dangerous political and social consequences as well as the exciting progressive revival that this class could produce.},
	language = {en},
	number = {4},
	urldate = {2021-10-05},
	journal = {Contexts},
	author = {Standing, Guy},
	month = nov,
	year = {2014},
	pages = {10--12},
	file = {Standing - 2014 - The Precariat.pdf:files/713/Standing - 2014 - The Precariat.pdf:application/pdf},
}

@misc{perez2019,
	type = {El {Desconcierto}},
	title = {Verónica {Schild}: "{El} secreto de la economía chilena es la mano de obra precaria feminizada"},
	url = {https://www.eldesconcierto.cl/2019/12/04/veronica-schild-el-secreto-de-la-economia-chilena-es-la-mano-de-obra-precaria-feminizada/},
	journal = {El Desconcierto},
	author = {Pérez, C},
	year = {2019},
}

@misc{marchetti2020,
	title = {Empleo informal como "estrategia de sobrevivencia": {Expertos} prevén alzas y urgen por políticas para combatirlo},
	url = {https://www.emol.com/noticias/Economia/2020/08/28/996237/Informalidad-Chile-pandemia-expertos-politicasformalizar.html},
	journal = {Emol},
	author = {Marchetti, Patricia},
	year = {2020},
}

@book{arriagada2007,
	address = {Buenos Aires, Argentina},
	title = {Abriendo la caja negra del sector servicios en {Chile} y {Uruguay}},
	url = {http://bibliotecavirtual.clacso.org.ar/clacso/gt/20101012013122/03Arriagada.pdf},
	publisher = {CLACSO},
	author = {Arriagada, Irma},
	year = {2007},
}

@misc{weller2004,
	title = {El empleo terciario en {América} {Latina}: entre la modernidad y la sobrevivencia},
	publisher = {Revista de la CEPAL No.84},
	author = {Weller, Jürgen},
	year = {2004},
}

@article{julian2020,
	title = {Precariedad como gobierno de la pandemia: {La} experiencia de la precariedad laboral en {Chile}},
	volume = {11},
	issn = {ISSN 0718-8382},
	author = {Julian, Dasten},
	year = {2020},
	pages = {125--149},
}

@article{julian2014,
	title = {La precariedad laboral, modernidad y modernización capitalista:   {Una} contribución al debate desde {América} {Latina}},
	number = {23},
	author = {Julian, Dasten},
	year = {2014},
}

@article{semenza2021,
	title = {So {Far}, so {Similar}? {Labour} {Market} {Feminization} in {Italy} and {Chile}},
	volume = {154},
	issn = {0303-8300, 1573-0921},
	shorttitle = {So {Far}, so {Similar}?},
	url = {http://link.springer.com/10.1007/s11205-020-02551-0},
	doi = {10.1007/s11205-020-02551-0},
	abstract = {Abstract
            The article aims to analyse gender segregation in the labour market while comparing two national contexts in Europe and Latin America. Specifically, it will consider the growth trends of female employment in the last 25 years (1992–2017), its distribution between activity sectors and occupations, and the gender pay gap. Feminization models and gender inequalities are framed within labour market segmentation theories, which are in partial contrast to human capital theories and neoclassical economics. The initial hypothesis is that the gender distribution of occupations measured by a segregation index is similar in Italy and Chile, despite significant differences in the socio-economic and institutional contexts. Through this intercontinental comparison, the article intends to shed light on women’s labour market conditions and segregation patterns, which are multidimensional and generalizable (transcontinental) phenomena, connected to the unequal division of labour in the new post-industrial order.},
	language = {en},
	number = {3},
	urldate = {2021-10-08},
	journal = {Soc Indic Res},
	author = {Semenza, Renata and Boccardo, Giorgio and Sarti, Simone},
	month = apr,
	year = {2021},
	pages = {917--942},
	file = {Texto completo:files/730/Semenza et al. - 2021 - So Far, so Similar Labour Market Feminization in .pdf:application/pdf},
}

@article{schonhaut2020,
	title = {Trabajos feminizados en la pandemia: remunerados y no remunerados},
	url = {https://www.eldesconcierto.cl/2020/04/12/trabajos-feminizados-en-la-pandemia-remunerados-y-no-remunerados/},
	journal = {El Desconcierto},
	author = {Schönhaut, Constanza},
	year = {2020},
}

@book{antunes2005,
	address = {Buenos Aires, Argentina},
	title = {Los sentidos del trabajo: ensayo sobre la afirmación y la negación del trabajo},
	publisher = {Herramienta},
	author = {Antunes, Ricardo},
	year = {2005},
}

@incollection{anxo2017,
	title = {Work and care regimes and women’s employment outcomes},
	isbn = {978-1-5261-2597-2},
	url = {http://www.manchesterhive.com/view/9781526125972/9781526125972.00025.xml},
	urldate = {2021-10-08},
	booktitle = {Making work more equal},
	publisher = {Manchester University Press},
	author = {Anxo, Dominique and Baird, Marian and Erhel, Christine},
	editor = {Grimshaw, Damian and Fagan, Colette and Hebson, Gail and Tavora, Isabel},
	month = sep,
	year = {2017},
	doi = {10.7765/9781526125972.00025},
	file = {Texto completo:files/731/Anxo et al. - 2017 - Work and care regimes and women’s employment outco.pdf:application/pdf},
}

@article{lazarocastellanos2017,
	title = {Interseccionalidad del género y mercado de trabajo postfordista},
	volume = {5},
	number = {46},
	author = {Lázaro Castellanos, Rosa and Jubany Baucells, Olga},
	year = {2017},
}

@article{aguiar2010,
	title = {El grado de flexiprecariedad en el trabajo. {El} proceso de innovación y la relación capital-trabajo},
	journal = {Tesis Magister Ciencias Sociales},
	author = {Aguiar, Santiago},
	year = {2010},
	file = {Aguiar - 2010 - El grado de flexiprecariedad en el trabajo. El pro.pdf:files/732/Aguiar - 2010 - El grado de flexiprecariedad en el trabajo. El pro.pdf:application/pdf},
}

@article{brod1982,
	title = {[{Hemodynamic} basis of hypertension in non-uremic kidney patients. {Conclusions} which can be drawn with respect to the pathogenesis of hypertension in general]},
	volume = {137},
	issn = {0377-8231},
	language = {fre},
	number = {11},
	journal = {Bull Mem Acad R Med Belg},
	author = {Brod, J.},
	year = {1982},
	pmid = {7185413},
	keywords = {Hemodynamics, Humans, Hypertension, Hypertension, Renal},
	pages = {680--698},
}

@article{linzer2011,
	title = {\textbf{{poLCA}} : {An} \textit{{R}} {Package} for {Polytomous} {Variable} {Latent} {Class} {Analysis}},
	volume = {42},
	issn = {1548-7660},
	shorttitle = {\textbf{{poLCA}}},
	url = {http://www.jstatsoft.org/v42/i10/},
	doi = {10.18637/jss.v042.i10},
	language = {en},
	number = {10},
	urldate = {2021-10-16},
	journal = {J. Stat. Soft.},
	author = {Linzer, Drew A. and Lewis, Jeffrey B.},
	year = {2011},
	file = {Linzer y Lewis - 2011 - poLCA  An R Package for Polytomous .pdf:files/734/Linzer y Lewis - 2011 - poLCA  An R Package for Polytomous .pdf:application/pdf},
}

@article{linzer2011a,
	title = {\textbf{{poLCA}} : {An} \textit{{R}} {Package} for {Polytomous} {Variable} {Latent} {Class} {Analysis}},
	volume = {42},
	issn = {1548-7660},
	shorttitle = {\textbf{{poLCA}}},
	url = {http://www.jstatsoft.org/v42/i10/},
	doi = {10.18637/jss.v042.i10},
	language = {en},
	number = {10},
	urldate = {2021-10-16},
	journal = {J. Stat. Soft.},
	author = {Linzer, Drew A. and Lewis, Jeffrey B.},
	year = {2011},
	file = {Linzer y Lewis - 2011 - poLCA  An R Package for Polytomous .pdf:files/736/Linzer y Lewis - 2011 - poLCA  An R Package for Polytomous .pdf:application/pdf},
}

@article{hagenaars2002,
	title = {Applied {Latent} {Class} {Analysis}},
	language = {en},
	author = {Hagenaars, Jacques A and McCutcheon, Allan L.},
	year = {2002},
	pages = {478},
	file = {Hagenaars y McCUTCHEON - Applied Latent Class Analysis.pdf:files/738/Hagenaars y McCUTCHEON - Applied Latent Class Analysis.pdf:application/pdf},
}

@article{weller2020,
	title = {Latent {Class} {Analysis}: {A} {Guide} to {Best} {Practice}},
	volume = {46},
	issn = {0095-7984, 1552-4558},
	shorttitle = {Latent {Class} {Analysis}},
	url = {http://journals.sagepub.com/doi/10.1177/0095798420930932},
	doi = {10.1177/0095798420930932},
	abstract = {Latent class analysis (LCA) is a statistical procedure used to identify qualitatively different subgroups within populations who often share certain outward characteristics. The assumption underlying LCA is that membership in unobserved groups (or classes) can be explained by patterns of scores across survey questions, assessment indicators, or scales. The application of LCA is an active area of research and continues to evolve. As more researchers begin to apply the approach, detailed information on key considerations in conducting LCA is needed. In the present article, we describe LCA, review key elements to consider when conducting LCA, and provide an example of its application.},
	language = {en},
	number = {4},
	urldate = {2021-10-16},
	journal = {Journal of Black Psychology},
	author = {Weller, Bridget E. and Bowen, Natasha K. and Faubert, Sarah J.},
	month = may,
	year = {2020},
	pages = {287--311},
	file = {Weller et al. - 2020 - Latent Class Analysis A Guide to Best Practice.pdf:files/740/Weller et al. - 2020 - Latent Class Analysis A Guide to Best Practice.pdf:application/pdf},
}

@article{instituonacionaldeestadisticas2020,
	title = {Documento {Metodológico} {Encuesta} {Nacional} de {Empleo} ({ENE})},
	language = {es},
	author = {Instituo Nacional de Estadísticas},
	year = {2020},
	pages = {129},
	file = {Madrid - Documento Metodológico Encuesta Nacional de Empleo.pdf:files/743/Madrid - Documento Metodológico Encuesta Nacional de Empleo.pdf:application/pdf},
}

@misc{instituonacionaldeestadisticas2021,
	title = {Documento {Metodológico} {Encuesta} {Suplementaria} de {Ingresos}, {ESI} 2020},
	author = {Instituo Nacional de Estadísticas},
	year = {2021},
	file = {documento-metodológico-esi-2020.pdf:files/742/documento-metodológico-esi-2020.pdf:application/pdf},
}
